% This file was created with JabRef 2.7.2.
% Encoding: Cp1252

@BOOK{Cesarini2009,
  title = {Erlang Programming},
  publisher = {O’Reilly Media, Inc.},
  year = {2009},
  editor = {Mike Loukides},
  author = {Francesco Cesarini and Simon Thompson},
  owner = {jalbert},
  timestamp = {2011.11.16}
}

@ARTICLE{E.Alba2007,
  author = {E. Alba, F. Almeida, M. Blesa, J. Cabeza, C. Cotta, M. Díaz, I. Dorta,
	J. Gabarró, C. Len, J. Luna, L. Moreno, C. Pablos, J. Petit, A. Rojas,
	F. Xhafa},
  title = {MALLBA: A Library of Skeletons for Combinatorial Optimisation},
  journal = {International Journal of Innovative Computing and Applications},
  year = {2007},
  volume = {1},
  pages = {74–85},
  owner = {jalbert},
  timestamp = {2011.11.16}
}

@ARTICLE{EnriqueAlba,
  author = {Enrique Alba, José M Troya},
  title = {An Analysis of Synchronous and Asynchronous Parallel Distributed
	Genetic Algorithms with Structured and Panmictic Islands},
  owner = {jalbert},
  timestamp = {2011.11.16}
}

@ARTICLE{J.Atienza2000,
  author = {J. Atienza, M. Garca, J. Gonzales, J.J. Merelo},
  title = {Jinetic: a distributed, fine-grained, asynchronous evolutionary algorithm
	using Jini},
  year = {2000},
  owner = {jalbert},
  timestamp = {2011.11.16}
}

@ARTICLE{JuanJulianMerelo-Guervos2008,
  author = {Juan Julián Merelo-Guervós, Pedro A. Castillo, JLJ Laredo, A. Mora
	García, A. Prieto},
  title = {Asynchronous Distributed Genetic Algorithms with Javascript and JSON},
  year = {2008},
  owner = {jalbert},
  timestamp = {2011.11.16}
}

@INPROCEEDINGS{Liu2002,
  author = {Pu Liu and Michael J. Lewis},
  title = {Communication Aspects of an Asynchronous Parallel Evolutionary Algorithm},
  booktitle = {Third International Conference on Communications in Computing},
  year = {2002},
  pages = {190-195},
  address = {Las Vegas},
  owner = {jalbert},
  timestamp = {2011.11.16}
}

@BOOK{Luke2010,
  title = {Essentials of Metaheuristics},
  publisher = {Zeroth Edition},
  year = {2010},
  author = {Sean Luke},
  owner = {jalbert},
  timestamp = {2011.11.16}
}

@INBOOK{Luque2011,
  chapter = {Parallel Models for Genetic Algorithms},
  pages = {15-30},
  title = {Parallel Genetic Algorithms, Theory and Real World Applications},
  publisher = {Springer-Verlag Berlin Heidelberg},
  year = {2011},
  author = {Gabriel Luque and Enrique Alba},
  owner = {jalbert},
  timestamp = {2011.11.09}
}

@ARTICLE{S.CAHON2004,
  author = {S. CAHON, N. MELAB, E.G. TALBI},
  title = {ParadisEO: A Framework for the Reusable Design of Parallel and Distributed
	Metaheuristics},
  journal = {Journal of Heuristics},
  year = {2004},
  volume = {10},
  pages = {357–380},
  owner = {jalbert},
  timestamp = {2011.11.16},
  url = {http://www.springerlink.com/content/up02m74726v1526u/fulltext.pdf}
}

@BOOK{Yu2010,
  title = {Introduction to Evolutionary Algorithms},
  publisher = {Springer-Verlag London Limited},
  year = {2010},
  author = {Xinjie Yu and Mitsuo Gen},
  owner = {jalbert},
  timestamp = {2011.11.09}
}

@PROCEEDINGS{AndrePoncedeLeonF.deCarvalho2010,
  title = {Distributed Computing and Artificial Intelligence},
  year = {2010},
  editor = {Andre Ponce de Leon F. de Carvalho, Sara Rodríguez González, Juan
	F. De Paz Santana and Juan M. Corchado Rodríguez},
  volume = {7th International Symposium},
  publisher = {Springer-Verlag Berlin Heidelberg},
  owner = {jalbert},
  timestamp = {2011.11.16}
}

@INCOLLECTION{Ong2005,
  title = {Advances in Natural Computation},
  year = {2005},
  editor = {Lipo Wang Ke Chen Yew Soon Ong},
  volume = {I},
  series = {Lecture Notes in Computer Science},
  owner = {jalbert},
  timestamp = {2011.11.16}
}

@INCOLLECTION{Ong2005a,
  title = {Advances in Natural Computation},
  year = {2005},
  editor = {Lipo Wang Ke Chen Yew Soon Ong},
  volume = {III},
  series = {Lecture Notes in Computer Science},
  owner = {jalbert},
  timestamp = {2011.11.16}
}

@INCOLLECTION{2004,
  title = {Parallel problem solving from nature PPSN VIII},
  publisher = {Lecture Notes in Computer Science},
  year = {2004},
  series = {Lecture Notes in Computer Science},
  owner = {jalbert},
  timestamp = {2011.11.16}
}

@comment{jabref-meta: selector_publisher:}

@comment{jabref-meta: selector_author:}

@comment{jabref-meta: selector_journal:}

@comment{jabref-meta: selector_keywords:}

